@misc{foote_brief_2018,
	title = {A {Brief} {History} of the {Data} {Warehouse}},
	url = {https://www.dataversity.net/brief-history-data-warehouse/},
	abstract = {A Data Warehouse (DW) stores corporate information and data from operational systems and a wide range of other data resources. Data Warehouses are designed to support the decision-making process through data collection, consolidation, analytics, and research.},
	language = {en-US},
	urldate = {2023-03-10},
	journal = {DATAVERSITY},
	author = {Foote, Keith D.},
	month = apr,
	year = {2018},
	keywords = {History},
	file = {Snapshot:C\:\\Users\\Chuchi\\Zotero\\storage\\A36IKVEL\\brief-history-data-warehouse.html:text/html},
}

@misc{naeem_data_2020,
	title = {Data {Warehouse} {Concepts}: {Kimball} vs. {Inmon} {Approach}},
	shorttitle = {Data {Warehouse} {Concepts}},
	url = {https://www.astera.com/type/blog/data-warehouse-concepts/},
	abstract = {Inmon vs Kimball: Which data warehouse concept should you use to design a data warehouse. Find out in this blog.},
	language = {en-US},
	urldate = {2023-03-10},
	journal = {Astera},
	author = {Naeem, Tehreem},
	month = feb,
	year = {2020},
	file = {Snapshot:C\:\\Users\\Chuchi\\Zotero\\storage\\DVQ44NVM\\data-warehouse-concepts.html:text/html},
}

@misc{noauthor_snowflake_2018,
	title = {Snowflake {Schema} in {Data} {Warehouse} {Model}},
	url = {https://www.geeksforgeeks.org/snowflake-schema-in-data-warehouse-model/},
	abstract = {A Computer Science portal for geeks. It contains well written, well thought and well explained computer science and programming articles, quizzes and practice/competitive programming/company interview Questions.},
	language = {en-us},
	urldate = {2023-03-10},
	journal = {GeeksforGeeks},
	month = aug,
	year = {2018},
	note = {Section: DBMS},
	file = {Snapshot:C\:\\Users\\Chuchi\\Zotero\\storage\\QXG6SE7S\\snowflake-schema-in-data-warehouse-model.html:text/html},
}

@misc{noauthor_kimball_nodate,
	title = {Kimball vs. {Inmon} in {Data} {Warehouse} {Architecture}},
	url = {https://www.zentut.com/data-warehouse/kimball-and-inmon-data-warehouse-architectures/},
	abstract = {We will discuss about the Kimball vs. Inmon in data warehouse architecture and design approach. We also answer the question of how to choose Kimball or Inmon's architecture to build data warehouse.},
	language = {en-US},
	urldate = {2023-03-12},
	journal = {zentut},
	file = {Snapshot:C\:\\Users\\Chuchi\\Zotero\\storage\\VP7BZI6R\\kimball-and-inmon-data-warehouse-architectures.html:text/html},
}

@book{diaz2012introduccion,
  title={Introducci{\'o}n al business intelligence},
  author={D{\'\i}az, Josep Curto},
  year={2012},
  publisher={Editorial UOC}
}

@book{kimball2011data,
  title={The data warehouse toolkit: the complete guide to dimensional modeling},
  author={Kimball, Ralph and Ross, Margy},
  year={2011},
  publisher={John Wiley \& Sons},
}

@book{inmon2005building,
  title={Building the data warehouse},
  author={Inmon, William H},
  year={2005},
  publisher={John wiley \& sons}
}

@misc{oltpAzure,
	title = {Online transaction processing ({OLTP}) - {Azure} {Architecture} {Center} {\textbar} {Microsoft} {Learn}},
	url = {https://learn.microsoft.com/en-us/azure/architecture/data-guide/relational-data/online-transaction-processing},
	urldate = {2023-08-08},
	file = {Online transaction processing (OLTP) - Azure Architecture Center | Microsoft Learn:C\:\\Users\\Chuchi\\Zotero\\storage\\R94PD4QG\\online-transaction-processing.html:text/html},
}

@misc{oltpOracle,
	title = {¿{Qué} es {OLTP}?},
	url = {https://www.oracle.com/ar/database/what-is-oltp/},
	abstract = {OLTP implica insertar, actualizar y/o suprimir pequeñas cantidades de datos en un almacén de datos para recopilar, gestionar y proteger transacciones.},
	language = {es},
	urldate = {2023-08-08},
	keywords = {OLTP vs OLAP},
	file = {Snapshot:C\:\\Users\\Chuchi\\Zotero\\storage\\UBC7LXYA\\what-is-oltp.html:text/html},
}

@book{garcia2008database,
  title={Database systems: the complete book},
  author={Garcia-Molina, Hector},
  year={2008},
  publisher={Pearson Education India}
}

@book{silberschatz2005database,
  title={Database systems concepts},
  author={Silberschatz, Abraham and Korth, Henry and Sudarshan, Shashank},
  year={2005},
  publisher={McGraw-Hill, Inc.}
}

@misc{helenclu_database_2023,
	title = {Database normalization description - {Microsoft} 365 {Apps}},
	url = {https://learn.microsoft.com/en-us/office/troubleshoot/access/database-normalization-description},
	abstract = {Describe the method to normalize the database and gives several alternatives to normalize forms. You need to master the database principles to understand them or you can follow the steps listed in the article.},
	language = {en-us},
	urldate = {2023-08-18},
	author = {helenclu},
	month = jul,
	year = {2023},
	file = {Snapshot:C\:\\Users\\Chuchi\\Zotero\\storage\\WH495648\\database-normalization-description.html:text/html},
}

@misc{noauthor_what_nodate,
	title = {What is a relational database?},
	url = {https://www.oracle.com/database/what-is-a-relational-database/},
	abstract = {Learn the definition of a relational database and how it can help your business.},
	language = {en},
	urldate = {2023-08-18},
	file = {Snapshot:C\:\\Users\\Chuchi\\Zotero\\storage\\QEGMHW8Q\\what-is-a-relational-database.html:text/html},
}